@article{Bertone:2004pz,
      author         = "Bertone, Gianfranco and Hooper, Dan and Silk, Joseph",
      title          = "{Particle dark matter: Evidence, candidates and
                        constraints}",
      journal        = "Phys. Rept.",
      volume         = "405",
      year           = "2005",
      pages          = "279-390",
      doi            = "10.1016/j.physrep.2004.08.031",
      eprint         = "hep-ph/0404175",
      archivePrefix  = "arXiv",
      primaryClass   = "hep-ph",
      reportNumber   = "FERMILAB-PUB-04-047-A",
      SLACcitation   = "%%CITATION = HEP-PH/0404175;%%"
}

@article{Izaguirre:2013uxa,
      author         = "Izaguirre, Eder and Krnjaic, Gordan and Schuster, Philip
                        and Toro, Natalia",
      title          = "{New Electron Beam-Dump Experiments to Search for MeV to
                        few-GeV Dark Matter}",
      journal        = "Phys. Rev.",
      volume         = "D88",
      year           = "2013",
      pages          = "114015",
      doi            = "10.1103/PhysRevD.88.114015",
      eprint         = "1307.6554",
      archivePrefix  = "arXiv",
      primaryClass   = "hep-ph",
      SLACcitation   = "%%CITATION = ARXIV:1307.6554;%%"
}


@inproceedings{cornell,
      author         = "Alexander, J. ",
      title          = "{Dark Photon Search in e+e- Annihilation}",
      url            = "https://indico.cern.ch/event/507783/contributions/2150181/attachments/1266367/1874844/SLAC-MMAPS-alexander.pdf",
      year           = "2016"
}

@article{Essig:2013vha,
      author         = "Essig, Rouven and Mardon, Jeremy and Papucci, Michele and
                        Volansky, Tomer and Zhong, Yi-Ming",
      title          = "{Constraining Light Dark Matter with Low-Energy $e^+e^-$
                        Colliders}",
      journal        = "JHEP",
      volume         = "11",
      year           = "2013",
      pages          = "167",
      doi            = "10.1007/JHEP11(2013)167",
      eprint         = "1309.5084",
      archivePrefix  = "arXiv",
      primaryClass   = "hep-ph",
      SLACcitation   = "%%CITATION = ARXIV:1309.5084;%%"
}


@article{Wojtsekhowski:2012zq,
      author         = "Wojtsekhowski, B. and Nikolenko, D. and Rachek, I.",
      title          = "{Searching for a new force at VEPP-3}",
      year           = "2012",
      eprint         = "1207.5089",
      archivePrefix  = "arXiv",
      primaryClass   = "hep-ex",
      reportNumber   = "JLAB-PHY-12-1597, DOE-OR-23177-2213",
      SLACcitation   = "%%CITATION = ARXIV:1207.5089;%%"
}

@article{Gninenko:2016kpg,
      author         = "Gninenko, S. N. and Krasnikov, N. V. and Kirsanov, M. M.
                        and Kirpichnikov, D. V.",
      title          = "{Missing energy signature from invisible decays of dark
                        photons at the CERN SPS}",
      year           = "2016",
      eprint         = "1604.08432",
      archivePrefix  = "arXiv",
      primaryClass   = "hep-ph",
      SLACcitation   = "%%CITATION = ARXIV:1604.08432;%%"
}


@article{Dharmapalan:2012xp,
      author         = "Dharmapalan, R. and others",
      title          = "{Low Mass WIMP Searches with a Neutrino Experiment: A
                        Proposal for Further MiniBooNE Running}",
      collaboration  = "MiniBooNE",
      year           = "2012",
      eprint         = "1211.2258",
      archivePrefix  = "arXiv",
      primaryClass   = "hep-ex",
      reportNumber   = "FERMILAB-PROPOSAL-1032",
      SLACcitation   = "%%CITATION = ARXIV:1211.2258;%%"
}

@article{Bird:2016dcv,
      author         = "Bird, Simeon and Cholis, Ilias and Mu–oz, Julian B. and
                        Ali-Ha•moud, Yacine and Kamionkowski, Marc and Kovetz,
                        Ely D. and Raccanelli, Alvise and Riess, Adam G.",
      title          = "{Did LIGO detect dark matter?}",
      journal        = "Phys. Rev. Lett.",
      volume         = "116",
      year           = "2016",
      number         = "20",
      pages          = "201301",
      doi            = "10.1103/PhysRevLett.116.201301",
      eprint         = "1603.00464",
      archivePrefix  = "arXiv",
      primaryClass   = "astro-ph.CO",
      SLACcitation   = "%%CITATION = ARXIV:1603.00464;%%"
}

@article{Battaglieri:2016ggd,
      author         = "Battaglieri, M. and others",
      title          = "{Dark matter search in a Beam-Dump eXperiment (BDX) at
                        Jefferson Lab}",
      collaboration  = "BDX",
      year           = "2016",
      eprint         = "1607.01390",
      archivePrefix  = "arXiv",
      primaryClass   = "hep-ex",
      reportNumber   = "FERMILAB-TM-2630-PPD",
      SLACcitation   = "%%CITATION = ARXIV:1607.01390;%%"
}

@article{Essig:2012yx,
      author         = "Essig, Rouven and Manalaysay, Aaron and Mardon, Jeremy
                        and Sorensen, Peter and Volansky, Tomer",
      title          = "{First Direct Detection Limits on sub-GeV Dark Matter
                        from XENON10}",
      journal        = "Phys. Rev. Lett.",
      volume         = "109",
      year           = "2012",
      pages          = "021301",
      doi            = "10.1103/PhysRevLett.109.021301",
      eprint         = "1206.2644",
      archivePrefix  = "arXiv",
      primaryClass   = "astro-ph.CO",
      reportNumber   = "YITP-SB-01-12",
      SLACcitation   = "%%CITATION = ARXIV:1206.2644;%%"
}

@article{Navarro:1995iw,
      author         = "Navarro, Julio F. and Frenk, Carlos S. and White, Simon
                        D. M.",
      title          = "{The Structure of cold dark matter halos}",
      journal        = "Astrophys. J.",
      volume         = "462",
      year           = "1996",
      pages          = "563-575",
      doi            = "10.1086/177173",
      eprint         = "astro-ph/9508025",
      archivePrefix  = "arXiv",
      primaryClass   = "astro-ph",
      SLACcitation   = "%%CITATION = ASTRO-PH/9508025;%%"
}

@article{Visinelli:2009zm,
      author         = "Visinelli, Luca and Gondolo, Paolo",
      title          = "{Dark Matter Axions Revisited}",
      journal        = "Phys. Rev.",
      volume         = "D80",
      year           = "2009",
      pages          = "035024",
      doi            = "10.1103/PhysRevD.80.035024",
      eprint         = "0903.4377",
      archivePrefix  = "arXiv",
      primaryClass   = "astro-ph.CO",
      SLACcitation   = "%%CITATION = ARXIV:0903.4377;%%"
}


@article{Hall:2009bx,
      author         = "Hall, Lawrence J. and Jedamzik, Karsten and
                        March-Russell, John and West, Stephen M.",
      title          = "{Freeze-In Production of FIMP Dark Matter}",
      journal        = "JHEP",
      volume         = "03",
      year           = "2010",
      pages          = "080",
      doi            = "10.1007/JHEP03(2010)080",
      eprint         = "0911.1120",
      archivePrefix  = "arXiv",
      primaryClass   = "hep-ph",
      reportNumber   = "OUTP-09-18-P, UCB-PTH-09-32",
      SLACcitation   = "%%CITATION = ARXIV:0911.1120;%%"
}


@inproceedings{Essig:2013lka,
      author         = "Essig, Rouven and others",
      title          = "{Working Group Report: New Light Weakly Coupled
                        Particles}",
      booktitle      = "{Proceedings, Community Summer Study 2013: Snowmass on
                        the Mississippi (CSS2013): Minneapolis, MN, USA, July
                        29-August 6, 2013}",
      url            = "http://inspirehep.net/record/1263039/files/arXiv:1311.0029.pdf",
      year           = "2013",
      eprint         = "1311.0029",
      archivePrefix  = "arXiv",
      primaryClass   = "hep-ph",
      reportNumber   = "YITP-SB-36",
      SLACcitation   = "%%CITATION = ARXIV:1311.0029;%%"
}

@article{Adler:1997am,
      author         = "Adler, S. and others",
      title          = "{Evidence for the decay K+ ---> pi+ neutrino
                        anti-neutrino}",
      collaboration  = "E787",
      journal        = "Phys. Rev. Lett.",
      volume         = "79",
      year           = "1997",
      pages          = "2204-2207",
      doi            = "10.1103/PhysRevLett.79.2204",
      eprint         = "hep-ex/9708031",
      archivePrefix  = "arXiv",
      primaryClass   = "hep-ex",
      reportNumber   = "BNL-64631, KEK-PREPRINT-97-115, PRINCETON-HEP-97-12,
                        TRI-PP-97-28, TRI--PP--97--28",
      SLACcitation   = "%%CITATION = HEP-EX/9708031;%%"
}

@article{Artamonov:2008qb,
      author         = "Artamonov, A. V. and others",
      title          = "{New measurement of the $K^{+} \to \pi^{+} \nu \bar{\nu}$
                        branching ratio}",
      collaboration  = "E949",
      journal        = "Phys. Rev. Lett.",
      volume         = "101",
      year           = "2008",
      pages          = "191802",
      doi            = "10.1103/PhysRevLett.101.191802",
      eprint         = "0808.2459",
      archivePrefix  = "arXiv",
      primaryClass   = "hep-ex",
      reportNumber   = "BNL-81421-2008-JA, FERMILAB-PUB-08-301-CD-E, KEK-2008-25,
                        TRIUMF-TRI-PP-08-04, TUHEP-EX-08-03,
                        --TRIUMF-TRI-PP-08-04",
      SLACcitation   = "%%CITATION = ARXIV:0808.2459;%%"
}


@article{Batell:2014mga,
      author         = "Batell, Brian and Essig, Rouven and Surujon, Ze'ev",
      title          = "{Strong Constraints on Sub-GeV Dark Sectors from SLAC
                        Beam Dump E137}",
      journal        = "Phys. Rev. Lett.",
      volume         = "113",
      year           = "2014",
      number         = "17",
      pages          = "171802",
      doi            = "10.1103/PhysRevLett.113.171802",
      eprint         = "1406.2698",
      archivePrefix  = "arXiv",
      primaryClass   = "hep-ph",
      SLACcitation   = "%%CITATION = ARXIV:1406.2698;%%"
}

@article{deNiverville:2011it,
      author         = "deNiverville, Patrick and Pospelov, Maxim and Ritz, Adam",
      title          = "{Observing a light dark matter beam with neutrino
                        experiments}",
      journal        = "Phys. Rev.",
      volume         = "D84",
      year           = "2011",
      pages          = "075020",
      doi            = "10.1103/PhysRevD.84.075020",
      eprint         = "1107.4580",
      archivePrefix  = "arXiv",
      primaryClass   = "hep-ph",
      SLACcitation   = "%%CITATION = ARXIV:1107.4580;%%"
}

@article{Pospelov:2008zw,
      author         = "Pospelov, Maxim",
      title          = "{Secluded U(1) below the weak scale}",
      journal        = "Phys. Rev.",
      volume         = "D80",
      year           = "2009",
      pages          = "095002",
      doi            = "10.1103/PhysRevD.80.095002",
      eprint         = "0811.1030",
      archivePrefix  = "arXiv",
      primaryClass   = "hep-ph",
      SLACcitation   = "%%CITATION = ARXIV:0811.1030;%%"
}

@article{Krnjaic:2015mbs,
      author         = "Krnjaic, Gordan",
      title          = "{Probing Light Thermal Dark-Matter With a Higgs Portal
                        Mediator}",
      journal        = "Submitted to: Phys. Rev. D",
      year           = "2015",
      eprint         = "1512.04119",
      archivePrefix  = "arXiv",
      primaryClass   = "hep-ph",
      reportNumber   = "FERMILAB-PUB-15-550-A",
      SLACcitation   = "%%CITATION = ARXIV:1512.04119;%%"
}



@article{Izaguirre:2015yja,
      author         = "Izaguirre, Eder and Krnjaic, Gordan and Schuster, Philip
                        and Toro, Natalia",
      title          = "{Analyzing the Discovery Potential for Light Dark
                        Matter}",
      journal        = "Phys. Rev. Lett.",
      volume         = "115",
      year           = "2015",
      number         = "25",
      pages          = "251301",
      doi            = "10.1103/PhysRevLett.115.251301",
      eprint         = "1505.00011",
      archivePrefix  = "arXiv",
      primaryClass   = "hep-ph",
      SLACcitation   = "%%CITATION = ARXIV:1505.00011;%%"
}

@article{Askew:2014kqa,
      author         = "Askew, Andrew and Chauhan, Sushil and Penning, Bjorn and
                        Shepherd, William and Tripathi, Mani",
      title          = "{Searching for Dark Matter at Hadron Colliders}",
      journal        = "Int. J. Mod. Phys.",
      volume         = "A29",
      year           = "2014",
      pages          = "1430041",
      doi            = "10.1142/S0217751X14300415",
      eprint         = "1406.5662",
      archivePrefix  = "arXiv",
      primaryClass   = "hep-ph",
      reportNumber   = "FERMILAB-PUB-14-257-E",
      SLACcitation   = "%%CITATION = ARXIV:1406.5662;%%"
}


@inproceedings{Conrad:2014tla,
      author         = "Conrad, Jan",
      title          = "{Indirect Detection of WIMP Dark Matter: a compact
                        review}",
      booktitle      = "{Interplay between Particle and Astroparticle physics
                        (IPA2014) London, United Kingdom, August 18-22, 2014}",
      url            = "https://inspirehep.net/record/1326617/files/arXiv:1411.1925.pdf",
      year           = "2014",
      eprint         = "1411.1925",
      archivePrefix  = "arXiv",
      primaryClass   = "hep-ph",
      SLACcitation   = "%%CITATION = ARXIV:1411.1925;%%"
}


@article{Undagoitia:2015gya,
      author         = "Marrod‡n Undagoitia, Teresa and Rauch, Ludwig",
      title          = "{Dark matter direct-detection experiments}",
      journal        = "J. Phys.",
      volume         = "G43",
      year           = "2016",
      number         = "1",
      pages          = "013001",
      doi            = "10.1088/0954-3899/43/1/013001",
      eprint         = "1509.08767",
      archivePrefix  = "arXiv",
      primaryClass   = "physics.ins-det",
      SLACcitation   = "%%CITATION = ARXIV:1509.08767;%%"
}

@article{Kolb:1990vq,
      author         = "Kolb, Edward W. and Turner, Michael S.",
      title          = "{The Early Universe}",
      journal        = "Front. Phys.",
      volume         = "69",
      year           = "1990",
      pages          = "1-547",
      SLACcitation   = "%%CITATION = FRPHA,69,1;%%"
}

@article{Griest:1989wd,
      author         = "Griest, Kim and Kamionkowski, Marc",
      title          = "{Unitarity Limits on the Mass and Radius of Dark Matter
                        Particles}",
      journal        = "Phys. Rev. Lett.",
      volume         = "64",
      year           = "1990",
      pages          = "615",
      doi            = "10.1103/PhysRevLett.64.615",
      reportNumber   = "CFPA-TH-89-013, FERMILAB-PUB-89-205-A",
      SLACcitation   = "%%CITATION = PRLTA,64,615;%%"
}


@article{Viel:2013apy,
      author         = "Viel, Matteo and Becker, George D. and Bolton, James S.
                        and Haehnelt, Martin G.",
      title          = "{Warm dark matter as a solution to the small scale
                        crisis: New constraints from high redshift Lyman-? forest
                        data}",
      journal        = "Phys. Rev.",
      volume         = "D88",
      year           = "2013",
      pages          = "043502",
      doi            = "10.1103/PhysRevD.88.043502",
      eprint         = "1306.2314",
      archivePrefix  = "arXiv",
      primaryClass   = "astro-ph.CO",
      SLACcitation   = "%%CITATION = ARXIV:1306.2314;%%"
}
























